<?xml version="1.0" encoding="UTF-8"?>
  <record xmlns="http://www.loc.gov/MARC21/slim" type="Authority">
    <leader>00000nz  a2200000nc 4500</leader>
    <controlfield tag="001">119113007</controlfield>
    <controlfield tag="003">DE-101</controlfield>
    <controlfield tag="005">20200921095216.0</controlfield>
    <controlfield tag="008">930820n||azznnaabn           | aaa    |c</controlfield>
    <datafield tag="024" ind1="7" ind2=" ">
      <subfield code="a">119113007</subfield>
      <subfield code="0">http://d-nb.info/gnd/119113007</subfield>
      <subfield code="2">gnd</subfield>
    </datafield>
    <datafield tag="035" ind1=" " ind2=" ">
      <subfield code="a">(DE-101)119113007</subfield>
    </datafield>
    <datafield tag="035" ind1=" " ind2=" ">
      <subfield code="a">(DE-588)119113007</subfield>
    </datafield>
    <datafield tag="035" ind1=" " ind2=" ">
      <subfield code="z">(DE-588a)119113007</subfield>
      <subfield code="9">v:zg</subfield>
    </datafield>
    <datafield tag="035" ind1=" " ind2=" ">
      <subfield code="z">(DE-588c)4320463-6</subfield>
      <subfield code="9">v:zg</subfield>
    </datafield>
    <datafield tag="040" ind1=" " ind2=" ">
      <subfield code="a">DE-12</subfield>
      <subfield code="c">DE-12</subfield>
      <subfield code="9">r:DE-12</subfield>
      <subfield code="b">ger</subfield>
      <subfield code="d">0003</subfield>
    </datafield>
    <datafield tag="042" ind1=" " ind2=" ">
      <subfield code="a">gnd1</subfield>
    </datafield>
    <datafield tag="043" ind1=" " ind2=" ">
      <subfield code="c">XA-DE</subfield>
    </datafield>
    <datafield tag="065" ind1=" " ind2=" ">
      <subfield code="a">16.5p</subfield>
      <subfield code="2">sswd</subfield>
    </datafield>
    <datafield tag="075" ind1=" " ind2=" ">
      <subfield code="b">p</subfield>
      <subfield code="2">gndgen</subfield>
    </datafield>
    <datafield tag="075" ind1=" " ind2=" ">
      <subfield code="b">piz</subfield>
      <subfield code="2">gndspec</subfield>
    </datafield>
    <datafield tag="079" ind1=" " ind2=" ">
      <subfield code="a">g</subfield>
      <subfield code="q">s</subfield>
      <subfield code="q">a</subfield>
      <subfield code="q">f</subfield>
      <subfield code="q">z</subfield>
      <subfield code="u">w</subfield>
      <subfield code="u">k</subfield>
    </datafield>
    <datafield tag="100" ind1="0" ind2=" ">
      <subfield code="a">Georg Wilhelm</subfield>
      <subfield code="c">Brandenburg-Bayreuth, Markgraf</subfield>
      <subfield code="d">1678-1726</subfield>
    </datafield>
    <datafield tag="375" ind1=" " ind2=" ">
      <subfield code="a">1</subfield>
      <subfield code="2">iso5218</subfield>
    </datafield>
    <datafield tag="400" ind1="0" ind2=" ">
      <subfield code="a">Georg Wilhelm</subfield>
      <subfield code="c">Bayreuth, Markgraf</subfield>
      <subfield code="d">1678-1726</subfield>
    </datafield>
    <datafield tag="400" ind1="0" ind2=" ">
      <subfield code="a">Georg Wilhelm</subfield>
      <subfield code="c">Brandenburg, Markgraf</subfield>
      <subfield code="d">1678-1726</subfield>
    </datafield>
    <datafield tag="400" ind1="0" ind2=" ">
      <subfield code="a">Georg Wilhelm</subfield>
      <subfield code="c">Brandenburg-Culmbach, Markgraf</subfield>
      <subfield code="d">1678-1726</subfield>
    </datafield>
    <datafield tag="400" ind1="0" ind2=" ">
      <subfield code="a">Georg Wilhelm</subfield>
      <subfield code="c">Brandenburg-Kulmbach, Markgraf</subfield>
      <subfield code="d">1678-1726</subfield>
    </datafield>
    <datafield tag="400" ind1="0" ind2=" ">
      <subfield code="a">Georg Wilhelm</subfield>
      <subfield code="c">Culmbach, Markgraf</subfield>
      <subfield code="d">1678-1726</subfield>
    </datafield>
    <datafield tag="400" ind1="0" ind2=" ">
      <subfield code="a">Georg Wilhelm</subfield>
      <subfield code="c">Kulmbach, Markgraf</subfield>
      <subfield code="d">1678-1726</subfield>
    </datafield>
    <datafield tag="400" ind1="0" ind2=" ">
      <subfield code="a">Georg Wilhelm</subfield>
      <subfield code="c">von Hohenzollern, 1678-1726</subfield>
      <subfield code="d">1678-1726</subfield>
    </datafield>
    <datafield tag="400" ind1="0" ind2=" ">
      <subfield code="a">Georgius Guilielmus</subfield>
      <subfield code="c">Brandenburg, Markgraf</subfield>
      <subfield code="d">1678-1726</subfield>
    </datafield>
    <datafield tag="500" ind1="0" ind2=" ">
      <subfield code="0">(DE-101)100123910</subfield>
      <subfield code="0">(DE-588)100123910</subfield>
      <subfield code="0">https://d-nb.info/gnd/100123910</subfield>
      <subfield code="a">Christian Ernst</subfield>
      <subfield code="c">Brandenburg-Bayreuth, Markgraf</subfield>
      <subfield code="d">1644-1712</subfield>
      <subfield code="4">bezf</subfield>
      <subfield code="4">https://d-nb.info/standards/elementset/gnd#familialRelationship</subfield>
      <subfield code="w">r</subfield>
      <subfield code="i">Beziehung familiaer</subfield>
      <subfield code="e">Beziehung familiaer</subfield>
      <subfield code="9">v:Vater</subfield>
    </datafield>
    <datafield tag="500" ind1="0" ind2=" ">
      <subfield code="0">(DE-101)101103905</subfield>
      <subfield code="0">(DE-588)101103905</subfield>
      <subfield code="0">https://d-nb.info/gnd/101103905</subfield>
      <subfield code="a">Sophie Luise</subfield>
      <subfield code="c">Brandenburg-Bayreuth, Markgräfin</subfield>
      <subfield code="d">1642-1702</subfield>
      <subfield code="4">bezf</subfield>
      <subfield code="4">https://d-nb.info/standards/elementset/gnd#familialRelationship</subfield>
      <subfield code="w">r</subfield>
      <subfield code="i">Beziehung familiaer</subfield>
      <subfield code="e">Beziehung familiaer</subfield>
      <subfield code="9">v:Mutter</subfield>
    </datafield>
    <datafield tag="500" ind1="0" ind2=" ">
      <subfield code="0">(DE-101)121735168</subfield>
      <subfield code="0">(DE-588)121735168</subfield>
      <subfield code="0">https://d-nb.info/gnd/121735168</subfield>
      <subfield code="a">Sophie</subfield>
      <subfield code="c">Brandenburg-Bayreuth, Markgräfin</subfield>
      <subfield code="d">1684-1752</subfield>
      <subfield code="4">bezf</subfield>
      <subfield code="4">https://d-nb.info/standards/elementset/gnd#familialRelationship</subfield>
      <subfield code="w">r</subfield>
      <subfield code="i">Beziehung familiaer</subfield>
      <subfield code="e">Beziehung familiaer</subfield>
      <subfield code="9">v:Ehefrau</subfield>
    </datafield>
    <datafield tag="500" ind1="0" ind2=" ">
      <subfield code="0">(DE-101)118928864</subfield>
      <subfield code="0">(DE-588)118928864</subfield>
      <subfield code="0">https://d-nb.info/gnd/118928864</subfield>
      <subfield code="a">Christiane Sofie Wilhelmine</subfield>
      <subfield code="c">Bayreuth, Prinzessin</subfield>
      <subfield code="d">1701-1749</subfield>
      <subfield code="4">bezf</subfield>
      <subfield code="4">https://d-nb.info/standards/elementset/gnd#familialRelationship</subfield>
      <subfield code="w">r</subfield>
      <subfield code="i">Beziehung familiaer</subfield>
      <subfield code="e">Beziehung familiaer</subfield>
      <subfield code="9">v:Tochter</subfield>
    </datafield>
    <datafield tag="548" ind1=" " ind2=" ">
      <subfield code="a">1678-1726</subfield>
      <subfield code="4">datl</subfield>
      <subfield code="4">https://d-nb.info/standards/elementset/gnd#dateOfBirthAndDeath</subfield>
      <subfield code="w">r</subfield>
      <subfield code="i">Lebensdaten</subfield>
    </datafield>
    <datafield tag="550" ind1=" " ind2=" ">
      <subfield code="0">(DE-101)94658351X</subfield>
      <subfield code="0">(DE-588)4398978-0</subfield>
      <subfield code="0">https://d-nb.info/gnd/4398978-0</subfield>
      <subfield code="a">Feldmarschall</subfield>
      <subfield code="4">berc</subfield>
      <subfield code="4">https://d-nb.info/standards/elementset/gnd#professionOrOccupation</subfield>
      <subfield code="w">r</subfield>
      <subfield code="i">Charakteristischer Beruf</subfield>
    </datafield>
    <datafield tag="667" ind1=" " ind2=" ">
      <subfield code="a">12</subfield>
    </datafield>
    <datafield tag="667" ind1=" " ind2=" ">
      <subfield code="a">SWB</subfield>
    </datafield>
    <datafield tag="670" ind1=" " ind2=" ">
      <subfield code="a">Wikipedia</subfield>
      <subfield code="u">https://de.wikipedia.org/wiki/Georg_Wilhelm_(Brandenburg-Bayreuth)</subfield>
    </datafield>
    <datafield tag="672" ind1=" " ind2="0">
      <subfield code="a">Als ... Georg Wilhelm Marggraf zu Brandenburg ... den 28. Julii die Erb-Huldigung in Dero*. - [1712]</subfield>
    </datafield>
    <datafield tag="678" ind1=" " ind2=" ">
      <subfield code="b">regierte ab 1712; Reichsgeneralfeldmarschall</subfield>
    </datafield>
    <datafield tag="913" ind1=" " ind2=" ">
      <subfield code="S">pnd</subfield>
      <subfield code="i">5</subfield>
      <subfield code="a">Georg Wilhelm &lt;Brandenburg-Bayreuth, Markgraf&gt;</subfield>
      <subfield code="0">(DE-588a)119113007</subfield>
    </datafield>
  </record>
